% This file was created with JabRef 2.7b.
% Encoding: UTF-8

@TECHREPORT{hartfeldt2002,
  author = {Hartfeldt, Christian and Henning, Prof. Dr. Herbert},
  title = {Muster, Flächen, Parkettierungen — Anregungen fur einen kreativen
	Mathematikunterricht},
  institution = {Otto-von-Guericke-Universität Magdeburg},
  year = {2002},
  owner = {jan-christoph},
  timestamp = {2014.01.11},
  url = {http://www.math.uni-magdeburg.de/reports/2002/parkett.pdf}
}

@TECHREPORT{janssen2007,
  author = {Christina Janssen},
  title = {Taxicab Geometry: Not the Shortest Ride Across Town},
  institution = {Iowa State University},
  year = {2007},
  owner = {jan-christoph},
  timestamp = {2014.01.11},
  url = {http://www.math.iastate.edu/thesisarchive/MSM/JanssenMSMSS07.pdf}
}

@TECHREPORT{kling2008,
  author = {Peter Kling},
  title = {Facility Location},
  institution = {Universität Paderborn},
  year = {2008},
  owner = {jan-christoph},
  timestamp = {2014.01.12}
}

@BOOKLET{wikicity,
  title = {Manhattan-Metrik},
  author = {Wikipedia},
  lastchecked = {11.1.2013},
  owner = {jan-christoph},
  timestamp = {2014.01.11},
  url = {https://de.wikipedia.org/wiki/Manhattan-Metrik}
}

@INPROCEEDINGS{welzl91,
    author = {Emo Welzl},
    title = {Smallest Enclosing Disks (balls and Ellipsoids)},
    booktitle = {Results and New Trends in Computer Science},
    year = {1991},
    pages = {359--370},
    publisher = {Springer-Verlag},
    url = {http://citeseerx.ist.psu.edu/viewdoc/download?doi=10.1.1.46.1450&rep=rep1&type=pdf}
}